@article{Huber2003,
  author = {Huber, Susanne and Palme, Rupert and Zenker, Wolfgang and Möstl, Erich},
  year = {2003},
  month = {04},
  pages = {258-266},
  title = {Non-Invasive Monitoring of the Adrenocortical Response in Red Deer},
  volume = {67},
  journal = {Journal of Wildlife Management},
  doi = {10.2307/3802767}
}

@article{Möstl2002,
author = {Möstl, Erich and Palme, Rupert},
year = {2002},
month = {08},
pages = {67-74},
title = {Hormones as indicators of stress},
volume = {23},
journal = {Domestic animal endocrinology},
doi = {10.1016/S0739-7240(02)00146-7}
}

@article{Palme2019,
author = {Palme, Rupert},
year = {2019},
month = {02},
pages = {229-243.},
title = {Non-invasive measurement of glucocorticoids: Advances and problems},
volume = {199},
journal = {Physiology & Behavior},
doi = {10.1016/j.physbeh.2018.11.021}
}
